@misc{CHM,
    author    = "Computer History Museum",
    title     = "Calculators",
    url       = "https://www.computerhistory.org/revolution/calculators/1/intro"
}

@misc{abacus,
    author    = "The Investopedia Team",
    title     = "Abacus: Definition, How It's Used, and Modern Applications",
    url       = "https://www.investopedia.com/terms/a/abacus.asp"
}

@misc{Antikythera,
    author    = "Wikipedia",
    title     = "Antikythera mechanism",
    url       = "https://en.wikipedia.org/wiki/Antikythera_mechanism"
}
